% This file was created with Citavi 4.4.0.28

@book{.20121004,

 year = {2012-10-04},
 title = {A Scalable CUR Matrix Decomposition Algorithm: Lower Time Complexity and Tighter Bound}
}


@article{bodor2012,
 author = {Bodor, Andras and Solymosi, Norbert},
 year = {2012-05-17},
 title = {rCUR: an R package for CUR matrix decomposition},
 journal = {BioMed Central Ltd}
}


@article{boutsidis2014,
 author = {Boutsidis, Christos and Drineasb, Petros and Magdon-Ismael, Malik},
 year = {2014},
 title = {Near-Optimal Column-Based Matrix Reconstruction},
 pages = {687--717},
 number = {43},
 journal = {Siam Journal of Computing}
}


@article{Gr√ºne2005,
 author = {Gr{\"u}ne, Lars and Junge, Oliver},
 year = {2005},
 title = {A set oriented approach to optimal feedback stabilization},
 pages = {169},
 volume = {54},
 number = {2},
 journal = {Systems {\&} control letters}
}


@article{Hyvonen.2008,
 author = {Hyv{\"o}nen, Saara and Miettinen, Pauli and Terzi, Evimaria},
 year = {2008},
 title = {Interpretable Nonnegative Matrix Decompositions},
 volume = {2008},
 journal = {KDD}
}


@article{Junge2004,
 author = {Junge, O. and Osinga, H. M.},
 year = {2004},
 title = {A set oriented approach to global optimal control},
 pages = {259--270},
 volume = {10 (2004)},
 journal = {Control, optimisation and calculus of variations : COCV}
}


@article{mahoney2008,

 author = {Mahoney, Michael W. and Drineasb, Petros},
 year = {2008},
 title = {CUR matrix decompositions for improved data analysis},
 pages = {697--702},
 volume = {2009},
 number = {vol. 106},
 journal = {PNAS}
}


@book{Sontag1998,
 author = {Sontag, Eduardo D.},
 year = {1998},
 title = {Mathematical control theory: Deterministic finite dimensional systems},
 keywords = {Kontrolltheorie},
 address = {New York NY u.a.},
 edition = {2. ed},
 volume = {6},
 publisher = {Springer},
 isbn = {0-387-98489-5},
 series = {Texts in applied mathematics}
}


@article{Wang2013,
 author = {Wang, Shusen and Zang, Zhihua},
 year = {2013},
 title = {Improving CUR Matrix Decomposition and the Nystr{\"o}m Approximation via Adaptive Sampling},
 pages = {2729--2769},
 volume = {2013},
 number = {14},
 journal = {Journal of Machine Learning Research}
}


