% This file was created with Citavi 4.4.0.28

@proceedings{.1998,
 year = {1998},
 title = {Foundations of Computer Science, 1998. Proceedings. 39th Annual Symposium on},
 isbn = {0-8186-9172-7}
}

@book{Wiggins1990,
 author = {Wiggins, Stephen},
 year = {1990},
 title = {Introduction to applied nonlinear dynamical systems and chaos},
 publisher = {Springer-Verlag},
 address = {New York}
}

@book{Bellman1961,
 author = {Bellman, Richard E.},
 year = {1961},
 title = {Adaptive Conrol Processes},
 publisher = {Princeton University Press},
 address = {Princeton}
}

@article{Drineas2006,
 author = {Drineas, Petros and Kannan, Ravi and Mahoney, Michael W.},
 year = {2006},
 title = {Fast Monte Carlo algorithms for matrices III: Computing a compressed approximate matrix decomposition},
 pages = {184-206},
 journal = {Society for Industrial and Applied Mathematics (SIAM)}
}

@book{Golub2013,
 author = {Golub, Gene H. and Van Loan, Charles F.},
 year = {2013},
 title = {Matrix computations},
 keywords = {Matrix (Mathematik);Numerische Mathematik},
 address = {Baltimore},
 edition = {4. ed.},
 publisher = {Johns Hopkins Univ Press},
 isbn = {9781421408590},
 series = {Johns Hopkins studies in the mathematical sciences}
}

@article{penrose1955,
 author = {Penrose, Roger},
 year = {1955},
 title = {A generalized inverse for matrices},
 pages = {406-4013},
 journal = {Proceedings of the Cambridge Philosophical Society 51}
}

@article{drineas2003,
 author = {Drineas, Petros and Kannan, R.},
 year = {2003},
 title = {Pass Efficient Algorithms for Approximating Large Matrices},
 pages = {223-232},
 journal = {Proc. of the 14th Annual ACM-SIAM Symposium on Discrete Algorithms (SODA)}
}

@misc{bodor2012,
 author = {Bodor, Andras and Solymosi, Norbert},
 year = {2012},
 title = {rCUR: an R package for CUR matrix decomposition},
 publisher = {BioMed Central Ltd}
}


@article{boutsidis2014,
 
 author = {Boutsidis, Christos and Drineas, Petros and Magdon-Ismael, Malik},
 year = {2014},
 title = {Near-Optimal Column-Based Matrix Reconstruction},
 pages = {687--717},
 number = {43},
 journal = {Siam Journal of Computing}
}


@book{deuflhard2008,
 author = {Deuflhard, Peter and Hohmann, Andreas},
 year = {2008},
 title = {Numerische Mathematik 1: Eine algorithmisch orientierte Einf{\"u}hrung},
 url = {http://www.reference-global.com/action/showBook?doi=10.1515/9783110203554},
 address = {Berlin u.a.},
 edition = {4. {\"u}berarb. u. erw. Aufl},
 publisher = {de Gruyter},
 isbn = {9783110203554},
 series = {de Gruyter Lehrbuch}
}

@misc{Dijkstra59,
 author={Dijkstra, E.W.},
 year={1959},
 title={A Note on Two Problems in Connection with Graphs},
 pages={269-271},
 journal={Numerische Mathematik 1}
}

@article{Drineas2009,
 author = {Drineas, Petros and Mahoney, Michael W. and Muthukrishnan, S.},
 year = {2009},
 title = {Relative-Error CUR Matrix Decompositions},
 pages = {844--881},
 volume = {30},
 number = {3},
 journal = {SIAM journal on matrix analysis and applications}
}


@misc{frieze1998,
 
 author = {Frieze, A. and Kannan, R. and Vempala, S.},
 title = {Fast Monte-Carlo algorithms for finding low-rank approximations},
 url = {http://ieeexplore.ieee.org/stamp/stamp.jsp?arnumber=743487},
 pages = {370--378},
 isbn = {0-8186-9172-7},
 booktitle = {Foundations of Computer Science, 1998. Proceedings. 39th Annual Symposium on},
 year = {1998},
 doi = {10.1109/SFCS.1998.743487}
}


@article{Grune2005,
 author = {Gr{\"u}ne, Lars and Junge, Oliver},
 year = {2005},
 title = {A set oriented approach to optimal feedback stabilization},
 pages = {169},
 volume = {54},
 number = {2},
 journal = {Systems {\&} control letters}
}


@article{Hyvonen.2008,
 author = {Hyv{\"o}nen, Saara and Miettinen, Pauli and Terzi, Evimaria},
 year = {2008},
 title = {Interpretable Nonnegative Matrix Decompositions},
 volume = {2008},
 journal = {KDD}
}


@article{Junge2004,
 author = {Junge, O. and Osinga, H. M.},
 year = {2004},
 title = {A set oriented approach to global optimal control},
 pages = {259--270},
 volume = {10 (2004)},
 journal = {Control, optimisation and calculus of variations : COCV}
}


@article{mahoney2008,
 
 author = {Mahoney, Michael W. and Drineasb, Petros},
 year = {2008},
 title = {CUR matrix decompositions for improved data analysis},
 pages = {697--702},
 volume = {2009},
 number = {vol. 106},
 journal = {PNAS}
}


@book{Sontag1998,
 author = {Sontag, Eduardo D.},
 year = {1998},
 title = {Mathematical control theory: Deterministic finite dimensional systems},
 keywords = {Kontrolltheorie},
 address = {New York NY u.a.},
 edition = {2. ed},
 volume = {6},
 publisher = {Springer},
 isbn = {0-387-98489-5},
 series = {Texts in applied mathematics}
}


@article{Wang2013,
 author = {Wang, Shusen and Zang, Zhihua},
 year = {2013},
 title = {Improving CUR Matrix Decomposition and the Nystr{\"o}m Approximation via Adaptive Sampling},
 pages = {2729--2769},
 volume = {2013},
 number = {14},
 journal = {Journal of Machine Learning Research}
}


